@BOOK{mongodb,
	title = "Big Data a NoSQL databáze",
	author = "Holubová Irena",
	isbn = "978-80-247-5466-6",
	month  = "listopad",
    year   = "2015",
	publisher = "Grada Publishing, a.s."
}

@MISC {thinger,
    title  = "Thinger.io",
    howpublished = "[online]",
    year   = "2019",
    note = "[cit. 2019-02-12]",
    url    = "https://thinger.io/"
}

@MISC {rfc,
    title  = "RFC 7519",
    howpublished = "[online]",
    year   = "2015",
    note = "[cit. 2019-02-12]",
    url    = "https://tools.ietf.org/html/rfc7519/"
}

@MISC {react,
    title  = "React úvod",
    howpublished = "[online]",
    year   = "2016",
    note = "[cit. 2019-02-12]",
    url    = "https://www.dzejes.cz/react-uvod.html"
}

@MISC {rest-about,
    title  = "Web 2.0 REST Architecture",
    author = "doc. Ing. Tomáš Vitvar, Ph.D.",
    howpublished = "[Neveřejná přednáška]",
    year   = "2018",
    note = "[cit. 2019-01-06]",
}

@MISC {react-redux,
    title  = "Redux + React – Redux",
    author = "Tomáš Randus",
    journal = "Redux + React",
    howpublished = "[online]",
    year   = "2016",
    note = "[cit. 2019-02-12]",
    url    = "https://www.zdrojak.cz/clanky/redux-react-23-redux/"
}

@MISC {nodejs,
    title  = "Node.js – s JavaScriptem na server",
    author = "Martin Malý",
    howpublished = "[online]",
    year   = "2010",
    note = "[cit. 2019-02-12]",
    url    = "https://www.zdrojak.cz/clanky/node-js-s-javascriptem-na-server/"
}

@MISC {bearer,
    title  = "Bearer - authentication",
    howpublished = "[online]",
    year   = "2019",
    note = "[cit. 2019-02-12]",
    url    = "https://swagger.io/docs/specification/authentication/bearer-authentication/"
}

@MISC {sass,
    title  = "Úvod do CSS preprocesoru Sass",
    author = "Jan Bittner",
    howpublished = "[online]",
    year   = "2019",
    note = "[cit. 2019-02-12]",
    url    = "https://www.itnetwork.cz/html-css/webove-portfolio/tutorial-moderni-webove-portfolio-sass"
}

@MISC{nodeimg,
    title = {Node.js - Introduction},
    howpublished = "[online]",
    year   = "2019",
    note = "[cit. 2019-02-12]",
    url = {https://www.tutorialspoint.com/nodejs/nodejs_introduction.htm}
}

@MISC{react-lifecycle-img,
    title = {React lifecycle methods diagram},
    howpublished = "[online]",
    year   = "2019",
    note = "[cit. 2019-02-12]",
    url = {http://projects.wojtekmaj.pl/react-lifecycle-methods-diagram/}
}


@MISC{google-maps-platform,
    title = {Google maps platform},
    year   = "2019",
    note = "[cit. 2019-03-02]",
    howpublished = "[online]",
    url = {https://cloud.google.com/maps-platform/}
}

@MISC{mapbox,
    title = {Mapbox},
    year   = "2019",
    note = "[cit. 2019-03-02]",
    howpublished = "[online]",
    url = {https://mapbox.com/}
}
@MISC {jwt,
    title  = "Json web token",
    howpublished = "[online]",
    year   = "2019",
    note = "[cit. 2019-02-12]",
    url    = "https://jwt.io/introduction/"
}

@MISC {iot-types,
    title  = "Top 15 Sensor Types Being Used in IoT",
    author = "Rita Sharma",
    howpublished = "[online]",
    year   = "2018",
    note = "[cit. 2019-02-12]",
    url    = "https://www.finoit.com/blog/top-15-sensor-types-used-iot/"
}

@MISC {aws,
    title  = "AWS IoT Device Management",
    howpublished = "[online]",
    note = "[cit. 2019-02-12]",
    year   = "2019",
    url    = "https://aws.amazon.com/iot-device-management/"
}

@MISC {azure,
    title  = "Azure IoT Hub",
    howpublished = "[online]",
    note = "[cit. 2019-02-12]",
    year   = "2019",
    url   = "https://azure.microsoft.com/cs-cz/services/iot-hub/"
}
@MISC {aws-works,
    title  = "How AWS IoT Works",
    howpublished = "[online]",
    note = "[cit. 2019-02-12]",
    year   = "2019",
    url    = "https://docs.aws.amazon.com/iot/latest/developerguide/aws-iot-how-it-works.html"
}

@MISC {ibm,
    title  = "Top 15 Sensor Types Being Used in IoT",
    howpublished = "[online]",
    note = "[cit. 2019-02-12]",
    year   = "2019",
    url   = "https://www.ibm.com/cz-cs/internet-of-things/solutions/iot-platform/watson-iot-platform"
}

@MISC {ibm-format,
    title  = "MQTT messaging",
    howpublished = "[online]",
    note = "[cit. 2019-02-12]",
    year   = "2019",
    url   = "https://console.bluemix.net/docs/services/IoT/reference/mqtt/index.html?pos=2&cm\_mc\_uid=73631728288815474708924&cm_mc\_sid\_50200000=15790891548158405640\#message-payload&cm\_sp=dw-bluemix-\_-nospace-\_-answers"
}
